<record><leader>00000cas a22000007a 4500</leader><controlfield tag="001">22589438</controlfield><controlfield tag="008">901026d187418uumduuu ne      0    0eng d</controlfield><datafield ind1=" " ind2=" " tag="010"><subfield code="a">sn 90057321 </subfield></datafield><datafield ind1=" " ind2=" " tag="040"><subfield code="a">MFN</subfield><subfield code="b">eng</subfield><subfield code="c">MFN</subfield><subfield code="d">OCLCQ</subfield></datafield><datafield ind1=" " ind2=" " tag="042"><subfield code="a">msc</subfield></datafield><datafield ind1="0" ind2=" " tag="130"><subfield code="a">Index (Trappe, Md.)</subfield></datafield><datafield ind1="1" ind2="4" tag="245"><subfield code="a">The index.</subfield></datafield><datafield ind1=" " ind2=" " tag="260"><subfield code="a">Trappe, Md. :</subfield><subfield code="b">R.T. Mullikin</subfield></datafield><datafield ind1=" " ind2=" " tag="300"><subfield code="a">v.</subfield></datafield><datafield ind1="1" ind2=" " tag="362"><subfield code="a">Began in 1874.</subfield></datafield><datafield ind1=" " ind2=" " tag="588"><subfield code="a">Description based on: Vol. 1, no. 10 (June 15, 1874).</subfield></datafield><datafield ind1=" " ind2=" " tag="752"><subfield code="a">United States</subfield><subfield code="b">Maryland</subfield><subfield code="c">Talbot</subfield><subfield code="d">Trappe.</subfield></datafield></record>